<?xml version="1.0" encoding="UTF-8"?><collection xmlns="http://www.loc.gov/MARC21/slim"><record><leader>00538nam--2200205-i-4500</leader><controlfield tag="001">000041829</controlfield><controlfield tag="002">20161230</controlfield><controlfield tag="005">20161230201043</controlfield><controlfield tag="008">060222s1000------------r-----000-0-rus-d</controlfield><datafield ind1=" " ind2=" " tag="040"><subfield code="a">IFIN-HH</subfield></datafield><datafield ind1=" " ind2=" " tag="041"><subfield code="a">rus</subfield></datafield><datafield ind1=" " ind2=" " tag="080"><subfield code="a">539.2:537.6</subfield></datafield><datafield ind1="1" ind2=" " tag="100"><subfield code="a">Brodskii, A.M</subfield></datafield><datafield ind1="1" ind2="0" tag="245"><subfield code="a">Teoria elektronnoi emissii iz metallov</subfield><subfield code="c">A.m. brodskii, iu.ia. gurevici</subfield></datafield><datafield ind1=" " ind2=" " tag="260"><subfield code="a">Moskva</subfield><subfield code="b">Nauka</subfield><subfield code="c">1973</subfield></datafield><datafield ind1=" " ind2=" " tag="300"><subfield code="a">255P</subfield></datafield><datafield ind1=" " ind2=" " tag="490"><subfield code="a">Sovremennie Problemi Fiziki</subfield></datafield><datafield ind1="1" ind2=" " tag="700"><subfield code="a">Gurevici, Iu.Ia</subfield></datafield><datafield ind1=" " ind2=" " tag="852"><subfield code="a">42081</subfield><subfield code="c">539.2</subfield></datafield><datafield ind1=" " ind2=" " tag="CAT"><subfield code="a">Sys</subfield><subfield code="c">20121024</subfield><subfield code="h">120010</subfield></datafield></record></collection>